@inproceedings{MAPF_Deadlock_Explain2,
  title={Multi-agent pathfinding: Definitions, variants, and benchmarks},
  author={Stern, Roni and Sturtevant, Nathan and Felner, Ariel and Koenig, Sven and Ma, Hang and Walker, Thayne and Li, Jiaoyang and Atzmon, Dor and Cohen, Liron and Kumar, TK and others},
  booktitle={Proceedings of the International Symposium on Combinatorial Search},
  volume={10},
  number={1},
  pages={151--158},
  year={2019}
}

@article{MAPF_Deadlock_Explain1,
  title={Multi-agent path finding--an overview},
  author={Stern, Roni},
  journal={Artificial Intelligence: 5th RAAI Summer School, Dolgoprudny, Russia, July 4--7, 2019, Tutorial Lectures},
  pages={96--115},
  year={2019},
  publisher={Springer}
}



@InProceedin{STDMA,
  author     = {Gaugel, Tristan and Mittag, Jens and Hartenstein, Hannes and Papanastasiou, Stylianos and Ström, Erik G.},
  booktitle  = {2013 IEEE Vehicular Networking Conference},
  title      = {In-depth analysis and evaluation of Self-organizing TDMA},
  year       = {2013},
  pages      = {79-86},
  comment    = {对STDMA的解释},
  doi        = {10.1109/VNC.2013.6737593},
  ranking    = {rank5},
  readstatus = {read},
}

@ARTICLE{Multi_Agent_System_Applications,
  author={Dorri, Ali and Kanhere, Salil S. and Jurdak, Raja},
  journal={IEEE Access}, 
  title={Multi-Agent Systems: A Survey}, 
  year={2018},
  volume={6},
  number={},
  pages={28573-28593},
  doi={10.1109/ACCESS.2018.2831228}}

@article{Why_MAS_1,
  title={Past, Present and Future Trends in Multi-Agent System Technology},
  author={Goonatilleke, Sandali Thamalka and Hettige, Budditha},
  journal={Journal Europ{\'e}en des Syst{\`e}mes Automatis{\'e}s},
  volume={55},
  number={6},
  pages={723--739},
  year={2022}
}

@article{AGV_explained,
  title={Design and methodology of automated guided vehicle-a review},
  author={Das, S Kumar and Pasan, MK},
  journal={IOSR Journal of Mechanical and Civil Engineering (IOSR-JMCE)},
  pages={29--35},
  year={2016}
}

@article{AGV_Review_2020,
  title={Automated guided vehicle systems, state-of-the-art control algorithms and techniques},
  author={De Ryck, Matthias and Versteyhe, Mark and Debrouwere, Frederik},
  journal={Journal of Manufacturing Systems},
  volume={54},
  pages={152--173},
  year={2020},
  publisher={Elsevier}
}
@article{Industry_4.0,
  title={Industry 4.0},
  author={Lasi, Heiner and Fettke, Peter and Kemper, Hans-Georg and Feld, Thomas and Hoffmann, Michael},
  journal={Business \& information systems engineering},
  volume={6},
  pages={239--242},
  year={2014},
  publisher={Springer}
}
@article{Industry4.0_decentralised,
  title={Industry 4.0: smart scheduling},
  author={Rossit, Daniel Alejandro and Tohm{\'e}, Fernando and Frutos, Mariano},
  journal={International Journal of Production Research},
  volume={57},
  number={12},
  pages={3802--3813},
  year={2019},
  publisher={Taylor \& Francis}
}

@article{STDMA_field_usage,
  title={Technical characteristics for an automatic identification system using time-division multiple access in the VHF maritime mobile band},
  author={Series, M},
  journal={Recommendation ITU: Geneva, Switzerland},
  pages={1371--1375},
  year={2014}
}

@ARTICLE{Current_Research_Gap,
  author={Oyekanlu, Emmanuel A. and Smith, Alexander C. and Thomas, Windsor P. and Mulroy, Grethel and Hitesh, Dave and Ramsey, Matthew and Kuhn, David J. and Mcghinnis, Jason D. and Buonavita, Steven C. and Looper, Nickolus A. and Ng, Mason and Ng’oma, Anthony and Liu, Weimin and Mcbride, Patrick G. and Shultz, Michael G. and Cerasi, Craig and Sun, Dan},
  journal={IEEE Access}, 
  title={A Review of Recent Advances in Automated Guided Vehicle Technologies: Integration Challenges and Research Areas for 5G-Based Smart Manufacturing Applications}, 
  year={2020},
  volume={8},
  number={},
  pages={202312-202353},
  doi={10.1109/ACCESS.2020.3035729}}


@inproceedings{STDMA_for_industry,
  title={Analysis and evaluation of self-organizing tdma for industrial applications},
  author={Fern{\'a}ndez, Zaloa and Val, I{\~n}aki and Mendicute, Mikel and Uhlemann, Elisabeth},
  booktitle={2019 15th IEEE International Workshop on Factory Communication Systems (WFCS)},
  pages={1--8},
  year={2019},
  organization={IEEE}
}

@ARTICLE{STDMA_para_improv1,
  author={Mosavat-Jahromi, Hamed and Li, Yue and Ni, Yuanzhi and Cai, Lin},
  journal={IEEE Transactions on Mobile Computing}, 
  title={Distributed and Adaptive Reservation MAC Protocol for Beaconing in Vehicular Networks}, 
  year={2021},
  volume={20},
  number={10},
  pages={2936-2948},
  doi={10.1109/TMC.2020.2992045}}
  
@INPROCEEDINGS{STDMA_para_improv2,
  author={Terauchi, Takeru and Suto, Katsuya and Wakaiki, Masashi},
  booktitle={2021 IEEE 93rd Vehicular Technology Conference (VTC2021-Spring)}, 
  title={Harvest-Then-Transmit-Based TDMA Protocol with Statistical Channel State Information for Wireless Powered Sensor Networks}, 
  year={2021},
  volume={},
  number={},
  pages={1-5},
  doi={10.1109/VTC2021-Spring51267.2021.9449083}}



@inproceedings{STDMA_rule_improv1,
  title={Enabling Self-Organizing TDMA Scheduling for Aerial Swarms},
  author={Ayd{\i}n, Esin Ece and Kara, Omer and Cakir, Furkan and Cansiz, Berna Simsek and Secinti, Gokhan and Canberk, Berk},
  booktitle={Proceedings of the Eighth Workshop on Micro Aerial Vehicle Networks, Systems, and Applications},
  pages={13--18},
  year={2022}
}

@article{MAMPD,
  title={Quality Analysis of Multi-Agent Multi-Item Pickup and Delivery Solutions Using a Decoupled Approach},
  author={Zahradka, David and Andreychuk, Anton and Kulich, Miroslav and Yakovlev, Konstantin},
  journal={IFAC-PapersOnLine},
  volume={55},
  number={38},
  pages={61--66},
  year={2022},
  publisher={Elsevier}
}